<record><leader>00000cas a22000007a 4500</leader><controlfield tag="001">14289612</controlfield><controlfield tag="008">861001d1853185utxuwr ne      0    0eng d</controlfield><datafield ind1=" " ind2=" " tag="010"><subfield code="a">sn 86089349 </subfield></datafield><datafield ind1=" " ind2=" " tag="040"><subfield code="a">PPM</subfield><subfield code="b">eng</subfield><subfield code="c">PPM</subfield><subfield code="d">KNP</subfield><subfield code="d">OCLCQ</subfield></datafield><datafield ind1=" " ind2=" " tag="042"><subfield code="a">msc</subfield></datafield><datafield ind1="0" ind2=" " tag="130"><subfield code="a">Galveston journal (1853)</subfield></datafield><datafield ind1="1" ind2="4" tag="245"><subfield code="a">The Galveston journal.</subfield></datafield><datafield ind1="1" ind2="3" tag="246"><subfield code="a">Weekly journal</subfield></datafield><datafield ind1=" " ind2=" " tag="260"><subfield code="a">Galveston [Tex.] :</subfield><subfield code="b">S. Carter &amp; Co.</subfield></datafield><datafield ind1=" " ind2=" " tag="300"><subfield code="a">v. :</subfield><subfield code="b">ill. (chiefly advertisements) ;</subfield><subfield code="c">62 cm.</subfield></datafield><datafield ind1=" " ind2=" " tag="310"><subfield code="a">Weekly</subfield></datafield><datafield ind1="1" ind2=" " tag="362"><subfield code="a">Began in 1853.</subfield></datafield><datafield ind1=" " ind2=" " tag="515"><subfield code="a">Continues numbering of: Weekly journal (Galveston, Tex. : 1850).</subfield></datafield><datafield ind1=" " ind2=" " tag="588"><subfield code="a">Description based on: Vol. 4, no. 12 (July 8, 1853).</subfield></datafield><datafield ind1=" " ind2=" " tag="752"><subfield code="a">United States</subfield><subfield code="b">Texas</subfield><subfield code="c">Galveston</subfield><subfield code="d">Galveston.</subfield></datafield><datafield ind1="0" ind2="0" tag="780"><subfield code="t">Weekly journal (Galveston, Tex. : 1850)</subfield><subfield code="w">(DLC)sn 83025739</subfield></datafield></record>